[gd_resource type="VisualShader" load_steps=28 format=2]

[ext_resource path="res://Sprites/HologramLines_Simple.png" type="Texture" id=1]

[sub_resource type="VisualShaderNodeScalarOp" id=1]
operator = 2

[sub_resource type="VisualShaderNodeVectorOp" id=2]

[sub_resource type="VisualShaderNodeScalarOp" id=3]
default_input_values = [ 0, 0.0, 1, 3.0 ]
operator = 3

[sub_resource type="VisualShaderNodeVec3Constant" id=4]
constant = Vector3( -1, 0, 0 )

[sub_resource type="VisualShaderNodeInput" id=5]
input_name = "view"

[sub_resource type="VisualShaderNodeVectorFunc" id=6]

[sub_resource type="VisualShaderNodeInput" id=7]
input_name = "normal"

[sub_resource type="VisualShaderNodeDotProduct" id=8]

[sub_resource type="VisualShaderNodeScalarOp" id=9]
default_input_values = [ 0, 1.0, 1, 0.0 ]
operator = 1

[sub_resource type="VisualShaderNodeInput" id=10]
input_name = "uv"

[sub_resource type="VisualShaderNodeScalarFunc" id=11]
output_port_for_preview = 0
function = 18

[sub_resource type="VisualShaderNodeColorUniform" id=13]
output_port_for_preview = 0
uniform_name = "FresnelColor"

[sub_resource type="VisualShaderNodeScalarOp" id=14]
operator = 5

[sub_resource type="VisualShaderNodeVectorOp" id=15]
output_port_for_preview = 0
default_input_values = [ 0, Vector3( 0, 0, 0 ), 1, Vector3( 2, 2, 2 ) ]
operator = 2

[sub_resource type="VisualShaderNodeVectorOp" id=16]
output_port_for_preview = 0
operator = 2

[sub_resource type="VisualShaderNodeColorUniform" id=17]
uniform_name = "Emission"

[sub_resource type="VisualShaderNodeVectorOp" id=18]
output_port_for_preview = 0

[sub_resource type="VisualShaderNodeScalarUniform" id=19]
uniform_name = "Metalic"

[sub_resource type="VisualShaderNodeScalarUniform" id=20]
uniform_name = "Smoothness"

[sub_resource type="VisualShaderNodeColorConstant" id=21]
constant = Color( 0.00924683, 0.204899, 0.394531, 1 )

[sub_resource type="VisualShaderNodeInput" id=27]
input_name = "time"

[sub_resource type="VisualShaderNodeScalarFunc" id=28]
output_port_for_preview = 0
function = 0

[sub_resource type="VisualShaderNodeScalarOp" id=29]
default_input_values = [ 0, 0.0, 1, 2.5 ]

[sub_resource type="VisualShaderNodeInput" id=24]
input_name = "time"

[sub_resource type="VisualShaderNodeScalarFunc" id=25]
function = 17

[sub_resource type="VisualShaderNodeTexture" id=26]
texture = ExtResource( 1 )

[resource]
code = "shader_type spatial;
uniform sampler2D tex_frg_8;uniform float Metalic;
uniform float Smoothness;
uniform vec4 FresnelColor : hint_color;
uniform vec4 Emission : hint_color;



void vertex() {
// Output:0

}

void fragment() {
// Color:3
	vec3 n_out3p0;
	float n_out3p1;
	n_out3p0 = vec3(0.009247,0.204899,0.394531);
	n_out3p1 = 1.000000;

// Input:2
	vec3 n_out2p0;
	n_out2p0 = vec3(UV,0.0);

// Vector:14
	vec3 n_out14p0;
	n_out14p0 = vec3(-1.000000,0.000000,0.000000);

// Input:4
	float n_out4p0;
	n_out4p0 = TIME;

// ScalarFunc:5
	float n_out5p0;
	n_out5p0 = fract(n_out4p0);

// ScalarOp:13
	float n_in13p1 = 3.00000;
	float n_out13p0;
	n_out13p0 = n_out5p0 / n_in13p1;

// ScalarOp:10
	float n_out10p0;
	n_out10p0 = dot(n_out14p0,vec3(0.333333,0.333333,0.333333)) * n_out13p0;

// VectorOp:11
	vec3 n_out11p0;
	n_out11p0 = n_out2p0 + vec3(n_out10p0);

// Texture:8
	vec3 n_out8p0;
	float n_out8p1;
	vec4 tex_frg_8_read = texture( tex_frg_8 , n_out11p0.xy );
	n_out8p0 = tex_frg_8_read.rgb;
	n_out8p1 = tex_frg_8_read.a;

// ScalarUniform:28
	float n_out28p0;
	n_out28p0 = Metalic;

// ScalarUniform:29
	float n_out29p0;
	n_out29p0 = Smoothness;

// Input:17
	vec3 n_out17p0;
	n_out17p0 = NORMAL;

// Input:15
	vec3 n_out15p0;
	n_out15p0 = VIEW;

// VectorFunc:16
	vec3 n_out16p0;
	n_out16p0=normalize(n_out15p0);

// DotProduct:18
	float n_out18p0;
	n_out18p0 = dot( n_out17p0 , n_out16p0 );

// ScalarOp:19
	float n_in19p0 = 1.00000;
	float n_out19p0;
	n_out19p0 = n_in19p0 - n_out18p0;

// ScalarFunc:20
	float n_out20p0;
	n_out20p0 = min(max(n_out19p0,0.0),1.0);

// Input:32
	float n_out32p0;
	n_out32p0 = TIME;

// ScalarFunc:33
	float n_out33p0;
	n_out33p0 = sin(n_out32p0);

// ScalarOp:34
	float n_in34p1 = 2.50000;
	float n_out34p0;
	n_out34p0 = n_out33p0 + n_in34p1;

// ScalarOp:23
	float n_out23p0;
	n_out23p0 = pow( n_out20p0 , n_out34p0 );

// ColorUniform:22
	vec3 n_out22p0;
	float n_out22p1;
	n_out22p0 = FresnelColor.rgb;
	n_out22p1 = FresnelColor.a;

// VectorOp:24
	vec3 n_in24p1 = vec3(2.00000,2.00000,2.00000);
	vec3 n_out24p0;
	n_out24p0 = n_out22p0 * n_in24p1;

// VectorOp:25
	vec3 n_out25p0;
	n_out25p0 = vec3(n_out23p0) * n_out24p0;

// ColorUniform:26
	vec3 n_out26p0;
	float n_out26p1;
	n_out26p0 = Emission.rgb;
	n_out26p1 = Emission.a;

// VectorOp:27
	vec3 n_out27p0;
	n_out27p0 = n_out25p0 + n_out26p0;

// Output:0
	ALBEDO = n_out3p0;
	ALPHA = dot(n_out8p0,vec3(0.333333,0.333333,0.333333));
	METALLIC = n_out28p0;
	ROUGHNESS = n_out29p0;
	EMISSION = n_out27p0;

}

void light() {
// Output:0

}
"
graph_offset = Vector2( -501.974, -199.382 )
nodes/vertex/0/position = Vector2( 520, -100 )
nodes/fragment/0/position = Vector2( 980, -160 )
nodes/fragment/2/node = SubResource( 10 )
nodes/fragment/2/position = Vector2( 300, -340 )
nodes/fragment/3/node = SubResource( 21 )
nodes/fragment/3/position = Vector2( 900, -360 )
nodes/fragment/4/node = SubResource( 24 )
nodes/fragment/4/position = Vector2( -280, -140 )
nodes/fragment/5/node = SubResource( 25 )
nodes/fragment/5/position = Vector2( -100, -140 )
nodes/fragment/8/node = SubResource( 26 )
nodes/fragment/8/position = Vector2( 660, -340 )
nodes/fragment/10/node = SubResource( 1 )
nodes/fragment/10/position = Vector2( 300, -240 )
nodes/fragment/11/node = SubResource( 2 )
nodes/fragment/11/position = Vector2( 480, -240 )
nodes/fragment/13/node = SubResource( 3 )
nodes/fragment/13/position = Vector2( 100, -160 )
nodes/fragment/14/node = SubResource( 4 )
nodes/fragment/14/position = Vector2( 40, -280 )
nodes/fragment/15/node = SubResource( 5 )
nodes/fragment/15/position = Vector2( -500, 100 )
nodes/fragment/16/node = SubResource( 6 )
nodes/fragment/16/position = Vector2( -320, 140 )
nodes/fragment/17/node = SubResource( 7 )
nodes/fragment/17/position = Vector2( -360, 20 )
nodes/fragment/18/node = SubResource( 8 )
nodes/fragment/18/position = Vector2( -160, 40 )
nodes/fragment/19/node = SubResource( 9 )
nodes/fragment/19/position = Vector2( 20, 20 )
nodes/fragment/20/node = SubResource( 11 )
nodes/fragment/20/position = Vector2( 200, 0 )
nodes/fragment/22/node = SubResource( 13 )
nodes/fragment/22/position = Vector2( 220, 240 )
nodes/fragment/23/node = SubResource( 14 )
nodes/fragment/23/position = Vector2( 420, 40 )
nodes/fragment/24/node = SubResource( 15 )
nodes/fragment/24/position = Vector2( 420, 180 )
nodes/fragment/25/node = SubResource( 16 )
nodes/fragment/25/position = Vector2( 620, 80 )
nodes/fragment/26/node = SubResource( 17 )
nodes/fragment/26/position = Vector2( 620, 340 )
nodes/fragment/27/node = SubResource( 18 )
nodes/fragment/27/position = Vector2( 800, 140 )
nodes/fragment/28/node = SubResource( 19 )
nodes/fragment/28/position = Vector2( 680, -100 )
nodes/fragment/29/node = SubResource( 20 )
nodes/fragment/29/position = Vector2( 680, 0 )
nodes/fragment/32/node = SubResource( 27 )
nodes/fragment/32/position = Vector2( -340, 240 )
nodes/fragment/33/node = SubResource( 28 )
nodes/fragment/33/position = Vector2( -160, 240 )
nodes/fragment/34/node = SubResource( 29 )
nodes/fragment/34/position = Vector2( 40, 220 )
nodes/fragment/connections = PoolIntArray( 4, 0, 5, 0, 10, 0, 11, 1, 2, 0, 11, 0, 11, 0, 8, 0, 5, 0, 13, 0, 13, 0, 10, 1, 14, 0, 10, 0, 15, 0, 16, 0, 17, 0, 18, 0, 16, 0, 18, 1, 18, 0, 19, 1, 19, 0, 20, 0, 20, 0, 23, 0, 22, 0, 24, 0, 23, 0, 25, 0, 24, 0, 25, 1, 25, 0, 27, 0, 26, 0, 27, 1, 28, 0, 0, 2, 29, 0, 0, 3, 27, 0, 0, 5, 3, 0, 0, 0, 8, 0, 0, 1, 32, 0, 33, 0, 33, 0, 34, 0, 34, 0, 23, 1 )
nodes/light/0/position = Vector2( 460, -40 )

